@book{agilemanisesto,
  title = {Manifesto for Agile Software Development},
  AUTHOR = {Mike Beedle, Arie van Bennekum, Alistair Cockburn, Ward Cunningham, Martin Fowler, Andrew Hunt, Jim Highsmith, Ron Jeffries, Jon Kern, Dave Thomas, Jeff Sutherland, Ken Schwaber, Robert C. Martin, Brian Marick},
  PUBLISHER = {Agile Alliance},
}

@misc{link2t,
  title = {O QUE É DESENVOLVIMENTO ÁGIL NA ENGENHARIA DE SOFTWARE - Quais são suas características e modelos aplicáveis},
  author={Thales De Oliveira Gomes},
  howpublished = "\url{https://pt.linkedin.com/pulse/o-que-\%C3\%A9-desenvolvimento-\%C3\%A1gil-na-engenharia-de-quais-thales}",
  note = "[Online; accessed 27-março-2018]"
}

@misc{sciel1,
  title = {Aplicação do método ágil scrum no desenvolvimento de produtos de software em uma pequena empresa de base tecnológica},
  author={Bernardo Vasconcelos de Carvalho, Carlos Henrique Pereira Mello},
  howpublished = "\url{http://www.scielo.br/scielo.php?script=sci_arttext&pid=S0104-530X2012000300009}",
  note = "[Online; accessed 27-março-2018]"
}

@misc{ew2,
  title = {Feature Driven Development},
  author={Wikipedia},
  howpublished = "\url{https://pt.wikipedia.org/wiki/Feature_Driven_Development}",
  note = "[Online; accessed 27-março-2018]"
}

@misc{eyuw2,
  title = {Metodologia de desenvolvimento de sistemas dinâmicos},
  author={Wikipedia},
  howpublished = "\url{https://pt.wikipedia.org/wiki/Metodologia_de_desenvolvimento_de_sistemas_din\%C3\%A2micos}",
  note = "[Online; accessed 27-março-2018]"
}

@misc{eyu2w2,
  title = {As 5 metodologias ágeis mais utilizadas: principais características},
  author={Francis Miers},
  howpublished = "\url{https://edit.com.pt/}",
  note = "[Online; accessed 27-março-2018]"
}

@misc{wii1,
  title = {Quais as vantagens da metodologia ágil?},
  author={Mult},
  howpublished = "\url{http://www.grupomult.com.br/metodologia-agil/}",
  note = "[Online; accessed 27-março-2018]"
}


@article{dsdmconsort,
  title={Delivering Aginle Business Solution on Time},
  author={DSDMC},
  url={http://www.dsdm.org/}
}

@misc{fowlermet,
  title = {The New Methodology},
  author={Martin Fowler},
  howpublished = "\url{http://www.martinfowler.com/articles/newMethodology.html}",
  note = "[Online; accessed 27-março-2018]"
}

@misc{Sollicitos,
  title = {Sollicito, To DSDM or not to DSDM?},
  author={Sollicito},
  howpublished = "\url{http://www.informit.com/articles/article.asp?p=20696&redir=1&rl=1}",
  note = "[Online; accessed 02-junho-2018]"
}

@misc{wikidsdm,
  title = {Dynamic Systems Development Methodology},
  author={Wikipedia.org},
  howpublished = "\url{http://en.wikipedia.org/wiki/DSDM}",
  note = "[Online; accessed 02-junho-2018]"
}

@book{bookdsdm,
  title = {DSDM, Dynamic Systems Development Method: The Method in Practice},
  AUTHOR = {Jennifer Stapleton},
  PUBLISHER = {Addison-Wesley},
}

@article{artdsdsm,
    title = "DSDM: Dynamic Systems Development Method",
    year = "1999",
    issn = "978-0-7695-0275-5",
    doi = "10.1109/TOOLS.1999.779095",
    url = "https://ieeexplore.ieee.org/abstract/document/779095/",
    author = "J. Stapleton",
    keywords = "Remotely operated vehicles,Biographies,Computer Society"
}

@misc{wikiasd,
  title = {Adaptive Software Development},
  author={Wikipedia.org},
  howpublished ="\url{https://wikipedia.org/wiki/Adaptive_Software_Development}",
  note = "[Online; accessed 05-junho-2018]"
}

@misc{tutasd,
  title = {Adaptive Software Development - Lifecycle},
  author={TutorialsPoint},
  howpublished ="\url{https://www.tutorialspoint.com/adaptive_software_development/adaptive_software_development_lifecycle.htm}",
  note = "[Online; accessed 05-junho-2018]"
}

@article{art2asd,
    title = "Métodos ágeis: características, pontos fortes e fracos e possibilidades de aplicação ",
    year = "2009",
    url = "https://run.unl.pt/bitstream/10362/2003/1/WPSeries_09_2009Tomas.pdf",
    author = "Mário Rui Sampaio Tomás",
    keywords = "Agile methods, organizational restructuring "
}

@article{um1,
    title = "Métodos ágeis: características, pontos fortes e fracos e possibilidades de aplicação ",
    year = "2009",
    url = "https://run.unl.pt/bitstream/10362/2003/1/WPSeries_09_2009Tomas.pdf",
    author = "Mário Rui Sampaio Tomás",
    keywords = "desenvolvimento de software, práticas ágeis, métodos ágeis, SCRUM, XP"
}

@article{um2,
    title = "Classification and comparison of agile methods",
    year = "2010",
    url = "https://repositorium.sdum.uminho.pt/handle/1822/11009",
    author = "Mauro Almeida, João M. Fernandes",
    keywords = "XP, SCRUM"
}

@article{artasd,
    title = "Recomendações para a adoção de práticas ágeis no desenvolvimento de software: estudo de casos",
    year = "2016",
    url = "https://repositorium.sdum.uminho.pt/handle/1822/46409",
    author = "Sandro Ricardo da Costa Ferraz",
    keywords = "Desenvolvimento de software,Metodologias tradicionais de software,Métodos ágeis"
}

@article{artasde,
    title = "Metodologia ágil das Desenvolvimento Adaptativo Software",
    year = "2016",
    url = "https://pt.slideshare.net/MarilainnyMartinsdaSilva/metodologia-gil-das-desenvolvimento-adaptativo-software",
    author = "Marilainny Martins da Silva",
    keywords = "Metodologia ágil, Desenvolvimento Adaptativo de Software"
}

@misc{cryswi,
    title="Crystal Methods",
    author="Wikiversity",
    howpublished="\url{https://en.wikiversity.org/wiki/Crystal_Methods}",
    note = "[Online; accessed 07-junho-2018]"
}


@misc{crystalslides,
  title = {Crystal method},
  author={Pedro Victor de Almeida Lopes},
  howpublished ="\url{https://www.slideshare.net/PedroVictordeAlmeida/crystal-method}",
  note = "[Online; accessed 02-junho-2018]"
}


@book{booktdd,
  title = {Test-Driven Development by Example},
  year = {2003},
  AUTHOR = {K. Beck},
  PUBLISHER = {Vaseem},
}

@book{booktdd2,
  title = {Extreme Programming},
  year = {2001},
  AUTHOR = {Computerworld},
}

@book{booktdd3,
  title = {AA. Test-Driven Development in Microsoft .NET},
  year = {2004},
  AUTHOR = {Newkirk, JW and Vorontsov},
  PUBLISHER = {Microsoft Press},
}

@book{booktdd4,
  title = {Working Effectively with Legacy Code},
  year = {2004},
  AUTHOR = {Feathers, M.},
  PUBLISHER = {Prentice Hall},
}

@misc{cmp1,
    title="Agile Development unleashed",
    author="livgeni",
    howpublished="\url{https://www.slideshare.net/livgeni/agile-development-unleasheds}",
    note = "[Online; accessed 02-junho-2018]"
}

@book{bookcat,
  title = {Disciplined Agile Delivery (DAD)},
  subtitle = {A Practitioner’s Guide to Agile Software Delivery in the Enterprise},
  year = {2012},
  ISBN = {0132810131},
  AUTHOR = {Scott W. Ambler,Mark Lines},
  PUBLISHER = {IBM Press},
}

@misc{vms2,
    title="An introduction to agile project management ",
    author="Andrew Radburn",
    howpublished="\url{https://www.branded3.com/blog/introduction-agile-project-management/}",
    note = "[Online; accessed 12-junho-2018]"
}

@book{ars1,
  title = {A framework to support the evaluation, adoption and improvement of agile methods in practice},
  year = {2007},
  AUTHOR = {A. Qumer, B. Henderson-Sellers},
  PUBLISHER = {ScienceDirect},
}

@book{ars2,
  title = {An evaluation of the degree of agility in six agile methods and its applicability for method engineering},
  year = {2006},
  AUTHOR = {A. Qumer, B. Henderson-Sellers},
  PUBLISHER = {ScienceDirect},
}