@article{CortezNevesANN,
    author={Paulo Cortez e José Neves},
    journal={IEEE Computer Graphics and Applications},
    title={Redes Neuronais Artificiais},
    year={2000}
}

@article{ann-agility,
    title = "Artificial Neural Network and Agility",
    journal = "Procedia - Social and Behavioral Sciences",
    pages = "1477 - 1485",
    year = "2015",
    note = "World Conference on Technology, Innovation and Entrepreneurship",
    issn = "1877-0428",
    doi = "https://doi.org/10.1016/j.sbspro.2015.06.448",
    url = "http://www.sciencedirect.com/science/article/pii/S1877042815039270",
    author = "Selva Staub and Emin Karaman and Seyit Kaya and Hatem Karapınar and Elçin Güven",
    keywords = "Artificial Intelligence, Artificial Neural Networks, Agility"
}

@article{ANN-chemiProb,

    author = {Maltarollo, Vinícius Gonçalves and Honório, Káthia Maria    and Silva, Albérico Borges Ferreira da},
    title = {Applications of Artificial Neural Networks in Chemical Problems},
    booktitle = {Artificial Neural Networks - Architectures and Applications},
    publisher = {InTech},
    year = {2013},
    editor = {Suzuki, Kenji},
    chapter = 10,
    doi = {10.5772/51275},
    url = {http://dx.doi.org/10.5772/51275}
}

@book{Haykin-ANN,
 author = {Haykin, Simon},
 title = {Neural Networks: A Comprehensive Foundation},
 year = {1998},
 isbn = {0132733501},
 edition = {2nd},
 publisher = {Prentice Hall PTR},
 address = {Upper Saddle River, NJ, USA},
} 

@phdthesis{da2007data,
  title={Data mining via redes neuronais artificiais e m{\'a}quinas de vectores de suporte},
  author={da Cruz, Armando Jorge Ribeiro},
  year={2007},
  school={Universidade do Minho}
}

@techreport{perelli1980fatigue,
  title={Fatigue stressors in simulated long-duration flight. Effects on performance, information processing, subjective fatigue, and physiological cost},
  author={Perelli, Layne P},
  year={1980},
  institution={DTIC Document}
}

@phdthesis{NocolusNicholas,
    author    = "Nicolus Kibet Rotich Nicholas ",
    title     = "FORECASTING OF WIND SPEEDS AND DIRECTIONS WITH 
ARTIFICIAL NEURAL NETWORKS ",
    school    = "Universidade Tecnologia de Lappeenranta, Finland",
    year      = "2012"
}


@misc{googleTransAPI,
  title = {Google Translate API for python},
  howpublished = "\url{https://pypi.python.org/pypi/googletrans}",
  note = "[Online; accessed 27-Março-2018]"
}

@misc{NLTK,
  title = {Natural Language Toolkit},
  howpublished = "\url{https://www.nltk.org/#natural-language-toolkit}",
  note = "[Online; accessed 25-Março-2018]"
}

@misc{NLTK-python,
  title = {NLTK API for Python},
  howpublished = "\url{http://text-processing.com/demo/sentiment/}",
  note = "[Online; accessed 25-Março-2018]"
}

@misc{Azure,
  title = {Microsoft Cognitive Services},
  howpublished = "\url{https://azure.microsoft.com/en-us/services/cognitive-services/}",
  note = "[Online; accessed 28-Março-2018]"
}


@misc{AzureAPI,
  title = {Microsoft Azure Text Analytics},
  howpublished = "\url{https://azure.microsoft.com/en-us/services/cognitive-services/text-analytics/}",
  note = "[Online; accessed 28-Março-2018]"
}

@misc{textblob,
  title = {TextBlob library for Python},
  howpublished = "\url{http://textblob.readthedocs.io/en/dev/}",
  note = "[Online; accessed 26-Março-2018]"
}

@article{adam2,
  author    = {Sebastian Ruder},
  title     = {An overview of gradient descent optimization algorithms},
  year      = {2016},
  url       = {http://arxiv.org/abs/1609.04747},
}

@article{adam1,
  author    = {Diederik P. Kingma and
               Jimmy Ba},
  title     = {Adam: {A} Method for Stochastic Optimization},
  year      = {2014},
  url       = {http://arxiv.org/abs/1412.6980},
}

@book{xavier,
  title = 	 {Understanding the difficulty of training deep feedforward neural networks},
  author = 	 {Xavier Glorot and Yoshua Bengio},
  year = 	 {2010},
  pdf = 	 {http://proceedings.mlr.press/v9/glorot10a/glorot10a.pdf},
}

@article{PedroCNN,
  author    = {Pedro M. Sosa},
  title     = {Twitter Sentiment Analysis using combined
LSTM-CNN Models},
  year      = {June 7, 2017},
}

@article{RepresentacaoTexto,
  title={Phonetic-Based Microtext Normalization for Twitter Sentiment Analysis},
  author={Ranjan Satapathy and Claudia Guerreiro and Iti Chaturvedi and Erik Cambria},
  journal={2017 IEEE International Conference on Data Mining Workshops (ICDMW)},
  year={2017},
  pages={407-413}
}